%% This BibTeX bibliography file was created using BibDesk.
%% https://bibdesk.sourceforge.io/

%% Created for Tarek Saab at 2021-07-22 12:23:44 -0400 


%% Saved with string encoding Unicode (UTF-8) 



@misc{labManual,
	author = {{R. DeSerio}},
	date-added = {2021-07-22 12:14:26 -0400},
	date-modified = {2021-07-22 12:23:44 -0400},
	howpublished = {\url{http://this.is.the.url.of.the.lab.manual.pdf}},
	note = {{Phy 4802L, Department of Physics, University of Florida}},
	title = {Title of the Lab manual/experiment},
	year = {20xx, year the manual was last updated}}

@book{melissinos1966,
	author = {A.C. Melissinos},
	publisher = {Academic Press},
	title = {Experiments in Modern Physics},
	year = {1966}}

@inbook{melissinos2003,
	author = {A.C. Melissinos and J. Napolitano},
	chapter = {5},
	edition = {2nd},
	pages = {179-184},
	publisher = {Academic Press},
	title = {Experiments in Modern Physics},
	year = {2003}}

@book{bevington2003,
	author = {P.R. Bevington and D.K. Robinson},
	publisher = {McGraw-Hill},
	title = {Data Reduction and Error Analysis for the Physical Sciences},
	year = {2003}}

@misc{pritchard1990,
	author = {D. Pritchard},
	title = {Junior Lab Written Report Notes},
	year = {1990}}

@article{feynman1982,
	author = {R.P. Feynman},
	journal = {Int. J. Theor. Phys.},
	month = {May},
	note = {JLab E-Library},
	number = {16},
	pages = {467-469},
	title = {Simulating physics with computers},
	url = {www.aps.org},
	volume = {21},
	year = {1982},
	Bdsk-Url-1 = {www.aps.org}}

@book{mayfield1998,
	author = {Leslie C. Perelman, James Paradis and Edward Barrett},
	publisher = {Mayfield},
	title = {The Mayfield Handbook of Technical and Scientific Writing},
	url = {https://web.mit.edu/21.guide/www/home.htm},
	year = {1998},
	Bdsk-Url-1 = {https://web.mit.edu/21.guide/www/home.htm}}

@misc{rwc,
	title = {University of Florida Reading and Writing Center},
	url = {http://www.at.ufl.edu/rwcenter/},
	Bdsk-Url-1 = {http://www.at.ufl.edu/rwcenter/}}
